@misc{cppreference-raii,
    author = {cppreference.com contributors},
    title = {{C++ Language: RAII}},
    howpublished = {\url{https://en.cppreference.com/mwiki/index.php?title=cpp/language/raii&oldid=116736}},
    note = "[Online; accessed 14-July-2020]"
}
@misc{coe-vlab,
    title = {{College of Engineering Virtual Lab}},
    howpublished = {\url{https://coe.northeastern.edu/computer/}},
}

