@book{stroustrup-tour,
    author    = "Bjarne Stroustrup",
    title     = "A Tour of C++",
    year      = "2018",
    edition   = {2},
    publisher = "Pearson Education",
    isbn	  = {978-0-13-499783-4},
}
@misc{de1-soc-linux-manual,
    title        = {{Using Linux on DE-Series Boards}},
    author       = {Intel Corporation - FPGA Unversity Program},
    month		 = {June},
    year         = {2017},
}

