@Book{fell-discrete-structure,
    author =       "{Harriet Fell and Javed A. Aslam}",
    title =        "Discrete Structures",
    edition =      {1st},
    year =         "2017",
    publisher =    "Cognella",
    isbn	  =    {978-1-51655-553-6},
}
@misc{quartus-waveform-sim,
    title        = {{Introduction to Simulation of VHDL Designs}},
    author       = {Altera Corporation - University Program},
    month		 = oct,
    year         = {2015},
    howpublished = {Retrieved from: \url{ftp://ftp.intel.com/Pub/fpgaup/pub/intel_material/15.1/Tutorials/VHDL/Quartus_II_Simulation.pdf}}
}
@misc{quartus-schematics,
    title        = {{Quartus Prime Introduction - Using Schematic Designs}},
    author       = {Altera Corporation - University Program},
    month		 = may,
    year         = {2016},
    howpublished = {Retrieved from: \url{ftp://ftp.intel.com/Pub/fpgaup/pub/intel_material/16.0/Tutorials/Schematic/Quartus_II_Introduction.pdf}
}



