@misc{cplusplus-header-iterator,
    author = {cplusplus.com},
    title = {{Header \textless{}iterator\textgreater{} Reference}},
    howpublished = {\url{https://www.cplusplus.com/reference/iterator/}},
    note = "[Online; accessed 1-July-2020]"
}
@misc{cppreference-forward-iterator,
    author = {cppreference.com contributors},
    title = {{C++ named requirements: LegacyForwardIterator}},
    howpublished = {\url{https://en.cppreference.com/mwiki/index.php?title=cpp/named_req/ForwardIterator&oldid=120121}},
    note = "[Online; accessed 6-July-2020]"
}
@misc{cppreference-algorithm-sort,
    author = {cppreference.com contributors},
    title = {{C++ Algorithm Library: std::sort}},
    howpublished = {\url{https://en.cppreference.com/mwiki/index.php?title=cpp/algorithm/sort&oldid=118513}},
    note = "[Online; accessed 7-July-2020]"
}
@misc{wiki:selection-sort,
    author = "{Wikipedia contributors}",
    title = "Selection sort --- {Wikipedia}{,} The Free Encyclopedia",
    year = "2020",
    howpublished = "\url{https://en.wikipedia.org/w/index.php?title=Selection_sort&oldid=965307694}",
    note = "[Online; accessed 1-July-2020]"
}
@misc{nengo-fpga-connecting-de1-soc,
    author = "{Applied Brain Research - NengoFPGA}",
    title = {{Connecting DE1-SoC - SSH}},
    howpublished = "\url{https://www.nengo.ai/nengo-de1/connect.html}",
    note = "[Online; accessed 1-July-2020]"
}
@misc{gnu-dual-abi,
    author = "{Free Software Foundation}",
    title = {{The GNU C++ Library --- Dual ABI}},
    howpublished = "\url{https://gcc.gnu.org/onlinedocs/libstdc++/manual/using_dual_abi.html}",
    note = "[Online; accessed 6-July-2020]"
}
@misc{redhat-c11-abi,
    author = "{Jason Merrill}",
    title = {{RedHat Developer --- GCC5 and the C++11 ABI}},
    howpublished = "\url{https://developers.redhat.com/blog/2015/02/05/gcc5-and-the-c11-abi/}",
    note = "[Online; accessed 6-July-2020]"
}


