@misc{cppreference-raii,
    author = {cppreference.com contributors},
    title = {{C++ Language: RAII}},
    howpublished = {\url{https://en.cppreference.com/mwiki/index.php?title=cpp/language/raii&oldid=116736}},
    note = "[Online; accessed 14-July-2020]"
}
@misc{rust-vec,
    author = {Rust contributors},
    title = {{Struct std::vec::Vec}},
    howpublished = {\url{https://doc.rust-lang.org/std/vec/struct.Vec.html}},
    note = "[Online; accessed 8-July-2020]"
}
@misc{cppreference-optional,
    author = {cppreference.com contributors},
    title = {{C++ Utilities Library: std::optional}},
    howpublished = {\url{https://en.cppreference.com/mwiki/index.php?title=cpp/utility/optional&oldid=118738}},
    note = "[Online; accessed 8-July-2020]"
}
@misc{so-std-copy-overlap,
    author = {John Feminella},
    title = {{Does std::copy handle overlapping ranges?---Answer}},
    howpublished = {\url{https://stackoverflow.com/a/1952990/}},
    note = "[Online; accessed 8-July-2020]"
}
@misc{cppreference-stdexcept,
    author = {cppreference.com contributors},
    title = {{C++ Standard Library Headers: <stdexcept>}},
    howpublished = {\url{https://en.cppreference.com/mwiki/index.php?title=cpp/header/stdexcept&oldid=117357}},
    note = "[Online; accessed 8-July-2020]"
}
@misc{cppreference-ignore,
    author = {cppreference.com contributors},
    title = {{C++ I/O Library: std::basic\textunderscore{}istream::ignore}},
    howpublished = {\url{https://en.cppreference.com/mwiki/index.php?title=cpp/io/basic_istream/ignore&oldid=103487}},
    note = "[Online; accessed 7-July-2020]"
}
@misc{cppreference-sv-literals,
    author = {cppreference.com contributors},
    title = {{C++ String Library: string view literals}},
    howpublished = {\url{https://en.cppreference.com/mwiki/index.php?title=cpp/string/basic_string_view/operator%22%22sv&oldid=117871}},
    note = "[Online; accessed 8-July-2020]"
}




