@misc{man-mmap,
    title        = {{MMAP(2)}},
    author       = {Linux man-pages project},
}
@misc{man-dev-meme,
    title        = {{MEM(4)}},
    author       = {Linux man-pages project},
}
@misc{report-0,
    author = {Brian Schubert},
    title = {{ECEE 2160 Report for Lab 0---DE1-SoC Linux Getting Started}},
    year = {2020},
    month = jun,
    day = {8},
}
@misc{report-3,
    author = {Brian Schubert},
    title = {{ECEE 2160 Report for Lab 3---Memory-Mapped I/O and Object-Oriented Programming}},
    year = {2020},
    month = jul,
    day = {31},
}
@misc{wiki:posix,
    author = "{Wikipedia contributors}",
    title = "POSIX --- {Wikipedia}{,} The Free Encyclopedia",
    year = "2020",
    howpublished = "\url{https://en.wikipedia.org/w/index.php?title=POSIX&oldid=969858303}",
    note = "[Online; accessed 26-July-2020]"
}
@misc{so-safe-unaligned,
    author = {Eric Z et. al.},
    title = {{Should I worry about the alignment during pointer casting?}},
    howpublished = {\url{https://stackoverflow.com/q/13881487/}},
    note = "[Online; accessed 23-July-2020]"
}
@misc{so-arm-unaligned,
    author = {Cyan et. al.},
    title = {{Take advantage of ARM unaligned memory access while writing clean C code}},
    howpublished = {\url{https://stackoverflow.com/q/32062894/}},
    note = "[Online; accessed 23-July-2020]"
}
@misc{cppreference-inc-op,
    author = {cppreference.com contributors},
    title = {{C++ Language: Increment/decrement operators}},
    howpublished = {\url{https://en.cppreference.com/mwiki/index.php?title=cpp/language/operator_incdec&oldid=116090}},
    note = "[Online; accessed 26-July-2020]"
}
@misc{cppreference-user-lit,
    author = {cppreference.com contributors},
    title = {{C++ Language: User defined literals}},
    howpublished = {\url{https://en.cppreference.com/w/cpp/language/user_literal}},
    note = "[Online; accessed 26-July-2020]"
}
@misc{cppreference-thread,
    author = {cppreference.com contributors},
    title = {{C++ Standard Headers: \textless{}thread\textgreater{}}},
    howpublished = {\url{https://en.cppreference.com/w/cpp/language/user_literal}},
    note = "[Online; accessed 30-July-2020]"
}
@misc{so-sleep,
    author = {User GManNickG},
    title = {{Sleep function in C++---Answer}},
    howpublished = {\url{https://stackoverflow.com/a/1658429/}},
    note = "[Online; accessed 30-July-2020]"
}
@Book{open-std-P0627R0,
    author =       "{Melissa Mears}",
    title =        "{P0627R0}: Attribute to mark unreachable code",
    day =          "14",
    month =        mar,
    year =         "2017",
    note =         "Retrieved from \url{http://www.open-std.org/jtc1/sc22/wg21/docs/papers/2017/p0627r0.pdf}",  
}
@misc{cppreference-underlyingtype,
    author = {cppreference.com contributors},
    title = {{C++ Standard Headers: \textless{}thread\textgreater{}}},
    howpublished = {\url{https://en.cppreference.com/mwiki/index.php?title=cpp/types/underlying_type&oldid=115439}},
    note = "[Online; accessed 01-August-2020]"
}
@misc{unix-man-fcntl,
    author = {{The Open Group}},
    title = {{UNIX Manual---fcntl.h}},
    howpublished = {\url{https://pubs.opengroup.org/onlinepubs/7908799/xsh/fcntl.h.html}},
    note = "[Online; accessed 01-August-2020]"
}
@misc{unix-man-mmap,
    author = {{The Open Group}},
    title = {{UNIX Manual---fcntl.h}},
    howpublished = {\url{https://pubs.opengroup.org/onlinepubs/7908799/xsh/mmap.h.html}},
    note = "[Online; accessed 01-August-2020]"
}
@misc{cppreference-map,
    author = {cppreference.com contributors},
    title = {{C++ Containers Library: std::map}},
    howpublished = {\url{https://en.cppreference.com/mwiki/index.php?title=cpp/container/map&oldid=112565}},
    note = "[Online; accessed 04-August-2020]"
}
@misc{so-map,
    author = {User qbert220 et. al.},
    title = {{Restore the state of std::cout after manipulating it---Answer}},
    howpublished = {\url{https://stackoverflow.com/a/2273352/}},
    note = "[Online; accessed 04-August-2020]"
}
@Book{gnu-make,
    author =       "{{Free Software Foundation}}",
    title =        "GNU Make Manual",
    day =          "19",
    month =        jan,
    year =         "2020",
    note =         "Retrieved from \url{https://www.gnu.org/software/make/manual/}",  
}


