@misc{cppreference-forward-list,
    author = {cppreference.com contributors},
    title = {{C++ Containers Library: std::forward\_list}},
    howpublished = {\url{https://en.cppreference.com/mwiki/index.php?title=cpp/container/forward_list&oldid=107645}},
    note = "[Online; accessed 16-July-2020]"
}
@misc{rust-lang,
    author={Rust contributors},
    title={The Rust Programming Language},
    howpublished={\url{https://www.rust-lang.org/}},
}
@misc{valgrind,
    authoer={Valgrind developers},
    title={Valgrind instrumentation framework},
    howpublished={\url{https://valgrind.org/}},
}
@misc{cppreference-std-find-if,
    author = {cppreference.com contributors},
    title = {{C++ Algorithm Library: std::find\_if}},
    howpublished = {\url{https://en.cppreference.com/mwiki/index.php?title=cpp/algorithm/find&oldid=117903}},
    note = "[Online; accessed 17-July-2020]"
}
@misc{cppreference-multiset,
    author = {cppreference.com contributors},
    title = {{C++ Containers Library: std::multiset}},
    howpublished = {\url{https://en.cppreference.com/mwiki/index.php?title=cpp/container/multiset&oldid=107671}},
    note = "[Online; accessed 17-July-2020]"
}